
@book{balanis_engineering_1989,
	title = {Engineering {Electromagnetics}},
	isbn = {978-0-471-62194-2},
	abstract = {A second course in electromagnetics, offering integrated, detailed coverage of the classical topics, from Maxwell's equations to Green's functions. Covers electromagnetic boundary-value problems in rectangular, cylindrical, and spherical coordinates. Also includes computer programs for the solution of assigned problems.},
	language = {en},
	publisher = {Wiley},
	author = {Balanis, Constantine A.},
	month = may,
	year = {1989},
	note = {Google-Books-ID: 4pqfQgAACAAJ},
	keywords = {Science / Physics / Electromagnetism, Technology \& Engineering / Electrical},
}
